@book{morero2000,
  author    = {F. Morero},
  title     = {Introducción a la OOP},
  version   = {1.0.0},
  address   = {Montevideo},
  publisher = {Grupo EIDOS},
  year      = {2000}
}

@book{rumbaugh1999,
  author    = {J. Rumbaugh and I. Jacobson and G. Booch},
  title     = {The Unified Modeling Language Reference Manual},
  publisher = {Addison-Wesley},
  year      = {1999},
  isbn      = {0-201-30998-X}
}

@online{uml_diagrams,
  author    = {{UML-diagrams.org}},
  title     = {UML Class and Object Diagrams Overview},
  url       = {https://www.uml-diagrams.org/class-diagrams-overview.html},
  urldate   = {2025-10-02}
}

@book{downey2012,
  author    = {A. Downey},
  title     = {Think Python: How to Think Like a Computer Scientist},
  version   = {2.0.17},
  publisher = {Green Tea Press},
  year      = {2012}
}
@book{gamma1995,
  author    = {E. Gamma and R. Helm and R. Johnson and J. Vlissides},
  title     = {Design Patterns: Elements of Reusable Object-Oriented Software},
  publisher = {Addison-Wesley},
  year      = {1995},
  isbn      = {0-201-63361-2}
}

@book{fowler2004,
  author    = {M. Fowler},
  title     = {UML Distilled: A Brief Guide to the Standard Object Modeling Language},
  publisher = {Addison-Wesley},
  edition   = {3rd},
  year      = {2004},
  isbn      = {0-321-19368-7}
}

@book{lutz2013,
  author    = {M. Lutz},
  title     = {Learning Python},
  publisher = {O’Reilly Media},
  edition   = {5th},
  year      = {2013},
  isbn      = {978-1-4493-5579-0}
}

@book{guttag2016,
  author    = {J. V. Guttag},
  title     = {Introduction to Computation and Programming Using Python},
  publisher = {MIT Press},
  edition   = {2nd},
  year      = {2016},
  isbn      = {978-0-262-52962-4}
}

@online{json_org,
  author    = {{ECMA International}},
  title     = {The JSON Data Interchange Syntax, Standard ECMA-404},
  year      = {2017},
  url       = {https://www.json.org/json-en.html},
  urldate   = {2025-10-03}
}

@online{python_docs,
  author    = {{Python Software Foundation}},
  title     = {Python 3 Documentation},
  url       = {https://docs.python.org/3/},
  urldate   = {2025-10-03}
}
